<?xml version="1.0" encoding="UTF-8"?><collection><record><leader>03498ntm a2200385 a 4500</leader><controlfield tag="001">002641763</controlfield><controlfield tag="003">MiAaHDL</controlfield><controlfield tag="005">20190719000000.0</controlfield><controlfield tag="006">m        d        </controlfield><controlfield tag="007">cr bn ---auaua</controlfield><controlfield tag="008">930712s1801    xx            00||  ara d</controlfield><datafield tag="035" ind1=" " ind2=" "><subfield code="a">(MiU)002641763</subfield></datafield><datafield tag="035" ind1=" " ind2=" "><subfield code="a">sdr-miu002641763</subfield></datafield><datafield tag="035" ind1=" " ind2=" "><subfield code="a">(OCoLC)34366947</subfield></datafield><datafield tag="035" ind1=" " ind2=" "><subfield code="a">(RLIN)MIUH93-A233</subfield></datafield><datafield tag="040" ind1=" " ind2=" "><subfield code="a">MiU</subfield><subfield code="c">MiU</subfield><subfield code="e">appm</subfield></datafield><datafield tag="100" ind1="1" ind2=" "><subfield code="6">880-01</subfield><subfield code="a">ʻAynatābī al-Istanbūlī, Muḥammad Munīb ibn ʻAbd Allāh.</subfield></datafield><datafield tag="245" ind1="1" ind2="0"><subfield code="6">880-02</subfield><subfield code="a">Kitāb taysīr al-masīr fī sharḥ al-Siyar al-kabīr :</subfield><subfield code="k">manuscript,[1801] /</subfield><subfield code="c">istaktabahu muʾallifuhu al-faqīr al-sayyid Muḥammad Munīb ibn al-ḥājj ʻAbd Allāh al-ʻAynatābī thumma al-Istanbūlī.</subfield></datafield><datafield tag="300" ind1=" " ind2=" "><subfield code="a">1</subfield><subfield code="f">v. ([599] p.) ;</subfield><subfield code="c">24 cm.</subfield></datafield><datafield tag="500" ind1=" " ind2=" "><subfield code="a">On pp. [1] and [13], illuminated ʻunwāns; text rubricated and enclosed in gold borders; gold dots separate phrase endings; chapter headings decorated with foliate patterns in gold; marginal commentary in hand of copyist; table of contents unfinished.</subfield></datafield><datafield tag="500" ind1=" " ind2=" "><subfield code="a">yawm al-sabt al-rābiʻ wa-al-ʻishrīn min al-Muḥarram al-ḥarām min sanat sitt ʻasharah wa-miʾatayn wa-alf [i.e. 6 June 1801] ... wa-qad kāna al-badʻ wa-al-khatm fī mawḍiʻ huwa bi-marʾá wa-masmaʻ min al-Qusṭantīnīyah ... fī qaryah ʻalá sāḥil al-khalīj yuqāl la-hā Çaklījaç[?] min nawāḥī Ūskūdār.....</subfield></datafield><datafield tag="500" ind1=" " ind2=" "><subfield code="a">Dates of beginning and end of composition and provenance in colophon: qad waqaʻa al-ibtidāʾ fī hādhihi al-ḥawāshī ... fī yawm al-ithnayn al-ḥādī wa-al-ʻishrīn min shahr Shawwāl al-mukarram min sanat arbaʻ ʻasharah wa-miʾatayn wa-alf [i.e. 23 March 1800] ... wa-kāna itmām al-jild al-awwal minhu fī ākhir bāb al-ḥukm fī al-asārá ... fī yawm al-ithnayn ghurrat Jumādá al-ākhirah min sanat khamas ʻasharah wa-miʾatayn wa-alf [i.e. 20 September 1800] ... wa-ḥaṣal al-khitām ... fī</subfield></datafield><datafield tag="520" ind1=" " ind2=" "><subfield code="a">Commentary by the author on the commentary of Muḥammad ibn Aḥmad al-Sarakhsī (11th cent.) on al-Siyar al-kabīr, a work on Islamic international law by Muḥammad ibn al-Ḥasan al-Shaybānī (ca. 750-804 or 5). Dedicated to Sultan Selim III (1761-1808) and several other important personages of his court.</subfield></datafield><datafield tag="538" ind1=" " ind2=" "><subfield code="a">Mode of access: Internet.</subfield></datafield><datafield tag="541" ind1=" " ind2=" "><subfield code="d">1924</subfield><subfield code="3">Manuscript</subfield><subfield code="a">Anonymous</subfield><subfield code="c">Purchase, 1924</subfield><subfield code="h">$50.00</subfield></datafield><datafield tag="561" ind1=" " ind2=" "><subfield code="a">Purchased in Cairo, 1924. Once part of the personal manuscript collection of Sultan Abdülhamid II of Turkey.</subfield></datafield><datafield tag="600" ind1="1" ind2="0"><subfield code="6">880-03</subfield><subfield code="a">Sarakhsī, Muḥammad ibn Aḥmad,</subfield><subfield code="d">11th cent.</subfield><subfield code="t">Sharḥ al-Siyar al-kabīr.</subfield></datafield><datafield tag="650" ind1=" " ind2="0"><subfield code="a">International law (Islamic law)</subfield><subfield code="y">Early works to 1800.</subfield></datafield><datafield tag="650" ind1=" " ind2="0"><subfield code="a">Manuscripts, Arabic</subfield><subfield code="z">Michigan</subfield><subfield code="z">Ann Arbor.</subfield></datafield><datafield tag="700" ind1="1" ind2="0"><subfield code="6">880-04</subfield><subfield code="a">Sarakhsī, Muḥammad ibn Aḥmad,</subfield><subfield code="d">active 11th century.</subfield><subfield code="t">Sharḥ al-Siyar al-kabīr.</subfield></datafield><datafield tag="700" ind1="0" ind2=" "><subfield code="a">Abdülhamid</subfield><subfield code="b">II,</subfield><subfield code="c">Sultan of the Turks,</subfield><subfield code="d">1842-1918,</subfield><subfield code="e">former owner.</subfield></datafield><datafield tag="773" ind1="0" ind2=" "><subfield code="a">Abdul Hamid Collection.</subfield><subfield code="7">unbc</subfield><subfield code="w">(CStRLIN)MIUH93-A187.</subfield></datafield><datafield tag="880" ind1="0" ind2="0"><subfield code="6">700-04/</subfield><subfield code="a">محمد بن أحمد السرخسي.</subfield><subfield code="t">شرح السير الكبير.</subfield></datafield><datafield tag="880" ind1="0" ind2="0"><subfield code="6">600-03/</subfield><subfield code="a">محمد بن أحمد السرخسي.</subfield><subfield code="t">شرح السير الكبير.</subfield></datafield><datafield tag="880" ind1="1" ind2="0"><subfield code="6">245-02/</subfield><subfield code="a">كتاب تيسير المسير في شرح السير الكبير :</subfield><subfield code="k">manuscript،[1801] /</subfield><subfield code="c">استكتبه مؤلفه الفقير السيد محمد منيب بن الحاج عبد الله العينتابي ثم الاستنبولي.</subfield></datafield><datafield tag="880" ind1="0" ind2=" "><subfield code="6">100-01/</subfield><subfield code="a">محمد منيب بن عبد الله العينتابي الأستنبولي.</subfield></datafield><datafield tag="CID" ind1=" " ind2=" "><subfield code="a">002641763</subfield></datafield><datafield tag="DAT" ind1="0" ind2=" "><subfield code="a">20190719102633.0</subfield><subfield code="b">20190719000000.0</subfield></datafield><datafield tag="DAT" ind1="1" ind2=" "><subfield code="a">20190719090653.0</subfield><subfield code="b">2019-07-19T16:10:44Z</subfield></datafield><datafield tag="DAT" ind1="2" ind2=" "><subfield code="a">2015-10-10T18:00:06Z</subfield></datafield><datafield tag="CAT" ind1=" " ind2=" "><subfield code="a">SDR-MIU</subfield><subfield code="d">EX LIBRIS - ALEPH</subfield><subfield code="l">prepare.pl-004-008</subfield></datafield><datafield tag="FMT" ind1=" " ind2=" "><subfield code="a">BK</subfield></datafield><datafield tag="HOL" ind1=" " ind2=" "><subfield code="0">sdr-miu002641763</subfield><subfield code="a">MiU</subfield><subfield code="b">SDR</subfield><subfield code="c">MIU</subfield><subfield code="p">mdp.39015081446273</subfield><subfield code="s">MIU</subfield><subfield code="1">002641763</subfield></datafield><datafield tag="974" ind1=" " ind2=" "><subfield code="b">MIU</subfield><subfield code="c">MIU</subfield><subfield code="d">20190719</subfield><subfield code="s">lit-dlps-dc</subfield><subfield code="u">mdp.39015081446273</subfield><subfield code="y">1801</subfield><subfield code="r">pd</subfield><subfield code="q">bib</subfield><subfield code="t">non-US bib date1 &lt; 1896</subfield></datafield></record></collection>